@book{test,
  author = "Branco, Bruyneel",
  title = "My first book!",
  year = "2017",
  publisher = "Branco Publishing"
}
